@Book{madec_bk08,
   title = {NEMO ocean engine},
   publisher = {Note du P\^ole de mod{\'e}lisation, Institut Pierre-Simon Laplace
   (IPSL), France, No 27, ISSN No 1288-1619},
   year = {2008},
   author = {G. Madec and NEMO System Team}
}

@Article{gmd-8-2465-2015,
   author = {Aumont, O. and Eth\'e, C. and Tagliabue, A. and Bopp, L. and Gehlen, M.},
   title = {{PISCES}-v2: an ocean biogeochemical model for carbon and ecosystem studies},
   journal = {Geoscientific Model Development},
   volume = {8},
   year = {2015},
   number = {8},
   pages = {2465--2513},
   doi = {10.5194/gmd-8-2465-2015}
}

@Article{gmd-8-1245-2015,
   author = {Vidard, A. and Bouttier, P.-A. and Vigilant, F.},
   title = {{NEMOTAM}: {T}angent and {A}djoint {M}odels for the ocean modelling platform {NEMO}},
   journal = {Geoscientific Model Development},
   volume = {8},
   year = {2015},
   number = {4},
   pages = {1245--1257},
   doi = {10.5194/gmd-8-1245-2015}
}

@Article{gmd-8-2991-2015,
   author = {Rousset, C. and Vancoppenolle, M. and Madec, G. and Fichefet, T. and Flavoni, S. and Barth\'elemy, A. and Benshila, R. and Chanut, J. and Levy, C. and Masson, S. and Vivier, F.},
   title = {The {L}ouvain-la-{N}euve sea ice model {LIM}3.6: global and regional capabilities},
   journal = {Geoscientific Model Development},
   volume = {8},
   year = {2015},
   number = {10},
   pages = {2991--3005},
   doi = {10.5194/gmd-8-2991-2015}
}

@Article{vancoppenolle200933,
   title = "Simulating the mass balance and salinity of Arctic and Antarctic sea ice. 1. Model description and validation",
   journal = "Ocean Modelling",
   volume = "27",
   number = "1â€“2",
   pages = "33 - 53",
   year = "2009",
   issn = "1463-5003",
   doi = "10.1016/j.ocemod.2008.10.005",
   author = "Martin Vancoppenolle and Thierry Fichefet and Hugues Goosse and Sylvain Bouillon and Gurvan Madec and Miguel Angel Morales Maqueda",
   keywords = "sea ice, model, thickness, salinity, age, arctic, antarctic"
}
